# 在此直接复制GB/T 7714－2015 bib条目，第一行内容为在正文引用\cite{}的关键词
# 推荐使用百度学术生成GB/T 7714－2015 bib条目

@article{上下文语义识别,
author = {熊思棋},
 title = {基于上下文语义的幽默文本识别和生成方法研究},
school = {杭州电子科技大学},
year = {2023}
}

@article{随机森林,
author = {樊迪},
title = {基于随机森林的翻译文本误译语句自动识别方法},
journal = {自动化技术与应用},
volume = {41},
number = {05},
pages = {121-124},
year = {2022},
issn = {1003-7241},
doi = {10.20033/j.1003-7241(2022)05-0121-04}
}    
